@incollection{lecun1999object,
	title={Object recognition with gradient-based learning},
	author={LeCun, Yann and Haffner, Patrick and Bottou, L{\'e}on and Bengio, Yoshua},
	booktitle={Shape, contour and grouping in computer vision},
	pages={319--345},
	year={1999},
	publisher={Springer}
}

@inproceedings{lecun1990handwritten,
	title={Handwritten digit recognition with a back-propagation network},
	author={LeCun, Yann and Boser, Bernhard E and Denker, John S and Henderson, Donnie and Howard, Richard E and Hubbard, Wayne E and Jackel, Lawrence D},
	booktitle={Advances in neural information processing systems},
	pages={396--404},
	year={1990}
}

@inproceedings{lee2009convolutional,
	title={Convolutional deep belief networks for scalable unsupervised learning of hierarchical representations},
	author={Lee, Honglak and Grosse, Roger and Ranganath, Rajesh and Ng, Andrew Y},
	booktitle={Proceedings of the 26th annual international conference on machine learning},
	pages={609--616},
	year={2009},
	organization={ACM}
}

@inproceedings{krizhevsky2012imagenet,
	title={Imagenet classification with deep convolutional neural networks},
	author={Krizhevsky, Alex and Sutskever, Ilya and Hinton, Geoffrey E},
	booktitle={Advances in neural information processing systems},
	pages={1097--1105},
	year={2012}
}

@article{lecun1998gradient,
	title={Gradient-based learning applied to document recognition},
	author={LeCun, Yann and Bottou, L{\'e}on and Bengio, Yoshua and Haffner, Patrick},
	journal={Proceedings of the IEEE},
	volume={86},
	number={11},
	pages={2278--2324},
	year={1998},
	publisher={IEEE}
}

@article{lecun2015deep,
	title={Deep learning},
	author={LeCun, Yann and Bengio, Yoshua and Hinton, Geoffrey},
	journal={nature},
	volume={521},
	number={7553},
	pages={436},
	year={2015},
	publisher={Nature Publishing Group}
}

@inproceedings{gens2014deep,
	title={Deep symmetry networks},
	author={Gens, Robert and Domingos, Pedro M},
	booktitle={Advances in neural information processing systems},
	pages={2537--2545},
	year={2014}
}

@article{dieleman2016exploiting,
	title={Exploiting cyclic symmetry in convolutional neural networks},
	author={Dieleman, Sander and De Fauw, Jeffrey and Kavukcuoglu, Koray},
	journal={arXiv preprint arXiv:1602.02660},
	year={2016}
}

@inproceedings{cohen2016group,
	title={Group equivariant convolutional networks},
	author={Cohen, Taco and Welling, Max},
	booktitle={International Conference on Machine Learning},
	pages={2990--2999},
	year={2016}
}

@article{henriques2016warped,
	title={Warped convolutions: Efficient invariance to spatial transformations},
	author={Henriques, Joao F and Vedaldi, Andrea},
	journal={arXiv preprint arXiv:1609.04382},
	year={2016}
}

@article{kiddonsymmetry,
	title={Symmetry-Based Semantic Parsing},
	author={Kiddon, Chlo{\'e} and Domingos, Pedro}
}

@article{scikit-learn,
	title={Scikit-learn: Machine Learning in {P}ython},
	author={Pedregosa, F. and Varoquaux, G. and Gramfort, A. and Michel, V.
	and Thirion, B. and Grisel, O. and Blondel, M. and Prettenhofer, P.
	and Weiss, R. and Dubourg, V. and Vanderplas, J. and Passos, A. and
	Cournapeau, D. and Brucher, M. and Perrot, M. and Duchesnay, E.},
	journal={Journal of Machine Learning Research},
	volume={12},
	pages={2825--2830},
	year={2011}
}